@article{morales2014control,
  title={Control de seguimiento de trayectoria y paletizaci{\'o}n de un robot de tres grados de libertad tipo SCARA (selective compliance assembly robot arm)},
  author={Morales, Luis Alberto and Sotomayor, Nelson Sotomayor and Boada, Yadira},
  journal={Revista Polit{\'e}cnica},
  volume={33},
  number={1},
  year={2014}
}