@article{barrientos2012modelado,
  title={Modelado de Caden as Cinem{\'a}ticas mediante Matrices de Desplazamiento. Una alternativa al m{\'e}todo de Denavit-Hartenberg},
  author={Barrientos, A and {\'A}lvarez, M and Hern{\'a}ndez, JD and Del Cerro, J and Rossi, Claudio},
  journal={Revista Iberoamericana de Autom{\'a}tica e Inform{\'a}tica industrial},
  volume={9},
  number={4},
  pages={371--382},
  year={2012}
}