@article {santos2006reported,
  title = {La variabilidad anatómica reportada conduce naturalmente a distribuciones multimodales de los parámetros de Denavit-Hartenberg para el pulgar humano},
  autor = {Santos, Veronica J y Valero-Cuevas, Francisco J},
  journal = {Transacciones IEEE en Ingeniería Biomédica},
  volumen = {53},
  número = {2},
  páginas = {155--163},
  año = {2006},
  editor = {IEEE}
}