@article{del1993rotaciones,
  title={Rotaciones y espinores},
  author={Del Castillo, GF Torres},
  journal={Revista Mexicana de F{\'\i}sica},
  volume={40},
  number={1},
  pages={119--131},
  year={1993}
}