@book{lizarza2000metodo,
  title={M{\'e}todo de los elementos finitos para an{\'a}lisis estructural},
  author={Lizarza, Juan Tom{\'a}s Celig{\"u}eta},
  year={2000},
  publisher={Escuela Superior de Ingeniros Industriales, Universidad de Navarra}
}