@book{Ref,
  title={Learning ROS for robotics programming},
  author={Martinez, Aaron and Fern{\'a}ndez, Enrique},
  year={2013},
  publisher={Packt Publishing Ltd}
}