@phdthesis{ribeiro2010modelagem,
  title={Modelagem cinem{\'a}tica de sistemas rob{\'o}ticos cooperativos: proposta de uma jacobiano de coopera{\c{c}}ao},
  author={RIBEIRO, LUIZ PAULO GOMES},
  year={2010},
  school={Tese (Doutorado)—Universidade Federal de Santa Catarina, Florian{\'o}polis, Brasil}
}