@article{vivas2006control,
  title={Control predictivo de un robot tipo SCARA},
  author={Vivas Alb{\'a}n, Oscar Andr{\'e}s},
  journal={Ingeniare. Revista chilena de ingenier{\'\i}a},
  volume={14},
  number={2},
  pages={135--145},
  year={2006},
  publisher={Universidad de Tarapac{\'a}}
}