@article{saravia2009revision,
  title={Revisi{\'o}n del estado del arte de manipuladores paralelos},
  author={Saravia, Darly Babeth P and Lopez, Marlon Jhair H and Riaza, Hector Fabio Q},
  journal={Scientia et technica},
  volume={2},
  number={42},
  pages={81--86},
  year={2009},
  publisher={Universidad Tecnol{\'o}gica de Pereira}
}