@article{mozo2017mecanismos,
  title={Mecanismos articulados: Geometr{\'\i}a Din{\'a}mica y Cinem{\'a}tica en un entorno educativo STEM},
  author={Mozo, Francisco Javier Manzano and Garc{\'\i}a, Melchor G{\'o}mez and Mozo-Fern{\'a}ndez, Jorge},
  journal={Innoeduca: international journal of technology and educational innovation},
  volume={3},
  number={1},
  pages={15--27},
  year={2017},
  publisher={Grupo de Investigaci{\'o}n Innoeduca}
}